<record><leader>00000cas a22000007a 4500</leader><controlfield tag="001">20957359</controlfield><controlfield tag="008">900125c19839999mduer ne      0    0eng d</controlfield><datafield ind1=" " ind2=" " tag="010"><subfield code="a">sn 90057027 </subfield></datafield><datafield ind1=" " ind2=" " tag="040"><subfield code="a">MFN</subfield><subfield code="b">eng</subfield><subfield code="c">MFN</subfield><subfield code="d">OCLCQ</subfield></datafield><datafield ind1=" " ind2=" " tag="042"><subfield code="a">msc</subfield></datafield><datafield ind1="0" ind2="0" tag="245"><subfield code="a">Prince George's herald.</subfield></datafield><datafield ind1=" " ind2=" " tag="260"><subfield code="a">College Park, Md. :</subfield><subfield code="b">Prince George's Herald Co.</subfield></datafield><datafield ind1=" " ind2=" " tag="300"><subfield code="a">v.</subfield></datafield><datafield ind1=" " ind2=" " tag="310"><subfield code="a">Biweekly,</subfield><subfield code="b">&lt;Dec. 19, 1984-</subfield></datafield><datafield ind1=" " ind2=" " tag="321"><subfield code="a">Monthly,</subfield><subfield code="b">&lt;Oct. 1983-Oct. 24, 1984&gt;</subfield></datafield><datafield ind1="0" ind2=" " tag="362"><subfield code="a">1st year, no. 3 (Oct. 1983)-</subfield></datafield><datafield ind1=" " ind2=" " tag="752"><subfield code="a">United States</subfield><subfield code="b">Maryland</subfield><subfield code="c">Prince George's</subfield><subfield code="d">College Park.</subfield></datafield><datafield ind1="0" ind2="0" tag="780"><subfield code="t">Shopper's star</subfield><subfield code="w">(DLC)sn 90057074</subfield></datafield></record>